<record><leader>00000cas a22000007a 4500</leader><controlfield tag="001">22038372</controlfield><controlfield tag="008">900716d19791984mnuwr ne      0    0eng d</controlfield><datafield ind1=" " ind2=" " tag="010"><subfield code="a">sn 90059815 </subfield></datafield><datafield ind1=" " ind2=" " tag="040"><subfield code="a">MN#</subfield><subfield code="b">eng</subfield><subfield code="c">MN#</subfield><subfield code="d">OCLCQ</subfield><subfield code="d">OCLCF</subfield><subfield code="d">OCLCO</subfield></datafield><datafield ind1="1" ind2=" " tag="029"><subfield code="a">AU@</subfield><subfield code="b">000025894418</subfield></datafield><datafield ind1=" " ind2=" " tag="042"><subfield code="a">msc</subfield></datafield><datafield ind1=" " ind2=" " tag="043"><subfield code="a">n-us-mn</subfield></datafield><datafield ind1=" " ind2=" " tag="052"><subfield code="a">4144</subfield><subfield code="b">W35</subfield></datafield><datafield ind1=" " ind2=" " tag="052"><subfield code="a">4143</subfield><subfield code="b">H4</subfield></datafield><datafield ind1="0" ind2=" " tag="130"><subfield code="a">Sun (Wayzata, Minn. : Lake Minnetonka North and West Shore ed.)</subfield></datafield><datafield ind1="0" ind2="0" tag="245"><subfield code="a">Sun.</subfield></datafield><datafield ind1=" " ind2=" " tag="250"><subfield code="a">Lake Minnetonka North and West Shore ed.</subfield></datafield><datafield ind1=" " ind2=" " tag="260"><subfield code="a">Wayzata, MN :</subfield><subfield code="b">Minnesota Suburban Newspapers,</subfield><subfield code="c">1979-1984.</subfield></datafield><datafield ind1=" " ind2=" " tag="300"><subfield code="a">6 v.</subfield></datafield><datafield ind1=" " ind2=" " tag="300"><subfield code="a">Weekly.</subfield></datafield><datafield ind1="0" ind2=" " tag="362"><subfield code="a">Vol. 7, no. 30 (Apr. 18, 1979)-v. 12, no. 28 (Apr. 4, 1984).</subfield></datafield><datafield ind1=" " ind2=" " tag="530"><subfield code="a">Available on microfilm from the Minnesota Historical Society.</subfield></datafield><datafield ind1=" " ind2="0" tag="651"><subfield code="a">Wayzata (Minn.)</subfield><subfield code="v">Newspapers.</subfield></datafield><datafield ind1=" " ind2="7" tag="655"><subfield code="a">Newspapers.</subfield><subfield code="2">fast</subfield><subfield code="0">(OCoLC)fst01423814</subfield></datafield><datafield ind1=" " ind2="7" tag="651"><subfield code="a">Minnesota</subfield><subfield code="z">Wayzata.</subfield><subfield code="2">fast</subfield><subfield code="0">(OCoLC)fst01210552</subfield></datafield><datafield ind1=" " ind2=" " tag="752"><subfield code="a">United States</subfield><subfield code="b">Minnesota</subfield><subfield code="c">Hennepin</subfield><subfield code="d">Wayzata.</subfield></datafield><datafield ind1="0" ind2="1" tag="780"><subfield code="t">Sun (Edina, Minn. : Lake Minnetonka ed.)</subfield><subfield code="w">(DLC)sn 90059816</subfield></datafield><datafield ind1="0" ind2="7" tag="785"><subfield code="t">Wayzata/Plymouth sailor</subfield><subfield code="w">(DLC)sn 90059819</subfield></datafield><datafield ind1="0" ind2="7" tag="785"><subfield code="t">Sun Wayzata/Plymouth sailor</subfield><subfield code="w">(DLC)sn 90059818</subfield></datafield></record>